<?xml version="1.0" encoding="UTF-8"?><?xml-stylesheet type='text/xsl' href='/webservices/catalog/xsl/searchRetrieveResponse.xsl'?><searchRetrieveResponse xmlns="http://www.loc.gov/zing/srw/" xmlns:oclcterms="http://purl.org/oclc/terms/" xmlns:dc="http://purl.org/dc/elements/1.1/" xmlns:diag="http://www.loc.gov/zing/srw/diagnostic/" xmlns:xsi="http://www.w3.org/2001/XMLSchema-instance">
<version>1.1</version>
<numberOfRecords>1756</numberOfRecords>
<records>
<record>
<recordSchema>marcxml</recordSchema>
<recordPacking>xml</recordPacking>
<recordData>
<record xmlns="http://www.loc.gov/MARC21/slim">
    <leader>00000cam a2200000Ma 4500</leader>
    <controlfield tag="001">222497088</controlfield>
    <controlfield tag="008">990415s1880    vra           000 0 eng d</controlfield>
    <datafield ind1="1" ind2=" " tag="100">
      <subfield code="a">Andrade, David A.</subfield>
      <subfield code="q">(David Andrew)</subfield>
    </datafield>
    <datafield ind1="1" ind2="0" tag="245">
      <subfield code="a">Essay on truth /</subfield>
      <subfield code="c">by David A. Andrade.</subfield>
    </datafield>
    <datafield ind1=" " ind2=" " tag="260">
      <subfield code="a">Melbourne :</subfield>
      <subfield code="b">E.W. Cole,</subfield>
      <subfield code="c">1880.</subfield>
    </datafield>
    <datafield ind1=" " ind2=" " tag="300">
      <subfield code="a">16 pages ;</subfield>
      <subfield code="c">19 cm</subfield>
    </datafield>
    <datafield ind1=" " ind2=" " tag="500">
      <subfield code="a">Cover title.</subfield>
    </datafield>
    <datafield ind1=" " ind2="0" tag="650">
      <subfield code="a">Truth.</subfield>
    </datafield>
    <datafield ind1=" " ind2="7" tag="650">
      <subfield code="a">Truth.</subfield>
      <subfield code="2">fast</subfield>
      <subfield code="0">(OCoLC)fst01158235</subfield>
    </datafield>
    <datafield ind1="4" ind2="1" tag="856">
      <subfield code="u">http://handle.slv.vic.gov.au/10381/247637</subfield>
    </datafield>
  </record>
</recordData>
</record>