
<record>
<recordSchema>marcxml</recordSchema>
<recordPacking>xml</recordPacking>
<recordData>
<record xmlns="http://www.loc.gov/MARC21/slim">
    <leader>00000cas a2200000Ma 4500</leader>
    <controlfield tag="001">611936557</controlfield>
    <controlfield tag="008">040810d181719uuenkbr p o     0    0eng d</controlfield>
    <datafield ind1=" " ind2=" " tag="010">
      <subfield code="a">  2004261214</subfield>
    </datafield>
    <datafield ind1="0" ind2="4" tag="245">
      <subfield code="a">The mirror of truth</subfield>
      <subfield code="h">Elektronische Daten.</subfield>
    </datafield>
    <datafield ind1=" " ind2=" " tag="260">
      <subfield code="a">[London] :</subfield>
      <subfield code="b">[Verlag nicht ermittelbar]</subfield>
    </datafield>
    <datafield ind1=" " ind2=" " tag="300">
      <subfield code="a">v.</subfield>
    </datafield>
    <datafield ind1=" " ind2=" " tag="500">
      <subfield code="a">Title from caption.</subfield>
    </datafield>
    <datafield ind1=" " ind2=" " tag="500">
      <subfield code="a">Reproduction of original from Goldsmiths' Library, University of London.</subfield>
    </datafield>
    <datafield ind1=" " ind2=" " tag="500">
      <subfield code="a">Goldsmiths'-Kress no. Unknown.</subfield>
    </datafield>
    <datafield ind1=" " ind2="0" tag="650">
      <subfield code="a">Truth</subfield>
      <subfield code="v">Periodicals.</subfield>
    </datafield>
    <datafield ind1=" " ind2="7" tag="650">
      <subfield code="a">Truth.</subfield>
      <subfield code="2">fast</subfield>
      <subfield code="0">(OCoLC)fst01158235</subfield>
    </datafield>
    <datafield ind1=" " ind2="7" tag="655">
      <subfield code="a">Periodicals.</subfield>
      <subfield code="2">fast</subfield>
      <subfield code="0">(OCoLC)fst01411641</subfield>
    </datafield>
    <datafield ind1="4" ind2=" " tag="856">
      <subfield code="u">http://galenet.galegroup.com/servlet/MOME?af=RN&amp;ae=U108301536&amp;srchtp=a&amp;ste=14&amp;locID=gallen</subfield>
      <subfield code="z">Onlinezugriff für Universität St. Gallen</subfield>
      <subfield code="3">Volltext</subfield>
    </datafield>
    <datafield ind1="4" ind2=" " tag="856">
      <subfield code="u">http://www.bibliothek.uni-regensburg.de/ezeit/?2260891</subfield>
      <subfield code="x">EZB</subfield>
    </datafield>
    <datafield ind1="4" ind2=" " tag="856">
      <subfield code="u">http://galenet.galegroup.com/servlet/MOME?af=RN&amp;ae=U108301536&amp;srchtp=a&amp;ste=14</subfield>
      <subfield code="x">Verlag</subfield>
      <subfield code="z">Deutschlandweit zugänglich</subfield>
    </datafield>
  </record>
</recordData>
</record>