
<record>
<recordSchema>marcxml</recordSchema>
<recordPacking>xml</recordPacking>
<recordData>
<record xmlns="http://www.loc.gov/MARC21/slim">
    <leader>00000cmm a2200000Ma 4500</leader>
    <controlfield tag="001">216909634</controlfield>
    <controlfield tag="008">070903s1645    xx      o  u        eng d</controlfield>
    <datafield ind1="1" ind2=" " tag="100">
      <subfield code="a">P., H. de.</subfield>
    </datafield>
    <datafield ind1="1" ind2="2" tag="245">
      <subfield code="a">A discoverie of truth</subfield>
      <subfield code="h">[Elektronische Ressource].</subfield>
    </datafield>
    <datafield ind1=" " ind2=" " tag="260">
      <subfield code="a">S.L. :</subfield>
      <subfield code="b">[s.n.],</subfield>
      <subfield code="c">Printed in the yeer, 1645.</subfield>
    </datafield>
    <datafield ind1=" " ind2=" " tag="300">
      <subfield code="a">Online-Ressource.</subfield>
    </datafield>
    <datafield ind1="0" ind2=" " tag="490">
      <subfield code="a">Early English books online,</subfield>
      <subfield code="x">2072-3581</subfield>
    </datafield>
    <datafield ind1=" " ind2=" " tag="500">
      <subfield code="a">Annotation on Thomason copy: "Ap: 17". - Place of publication from Wing. - Reproduction of the original in the British Library. - Signed at end: P.H. - Thomason, E.1176[1]. - Wing (2nd ed.), H103.</subfield>
    </datafield>
    <datafield ind1="0" ind2="4" tag="650">
      <subfield code="a">Truth</subfield>
      <subfield code="v">Early works to 1800.</subfield>
    </datafield>
    <datafield ind1="4" ind2="0" tag="856">
      <subfield code="3">Volltext</subfield>
      <subfield code="u">http://gateway.proquest.com/openurl?ctx_ver=Z39.88-2003&amp;res_id=xri:eebo&amp;rft_val_fmt=&amp;rft_id=xri:eebo:image:119372</subfield>
    </datafield>
  </record>
</recordData>
</record>