
<record>
<recordSchema>marcxml</recordSchema>
<recordPacking>xml</recordPacking>
<recordData>
<record xmlns="http://www.loc.gov/MARC21/slim">
    <leader>00000cam a2200000 a 4500</leader>
    <controlfield tag="001">191247674</controlfield>
    <controlfield tag="008">961011s1838    mau           000 0 eng d</controlfield>
    <datafield ind1="1" ind2=" " tag="100">
      <subfield code="a">Peabody, Andrew P.</subfield>
      <subfield code="q">(Andrew Preston),</subfield>
      <subfield code="d">1811-1893.</subfield>
    </datafield>
    <datafield ind1="1" ind2="0" tag="245">
      <subfield code="a">What is truth? /</subfield>
      <subfield code="c">By Andrew P. Peabody. ; Printed for the American Unitarian Association.</subfield>
    </datafield>
    <datafield ind1=" " ind2=" " tag="260">
      <subfield code="a">Boston: :</subfield>
      <subfield code="b">James Munroe &amp; Co. 134 Washington Street.,</subfield>
      <subfield code="c">February, 1838. Price 3 cents.</subfield>
    </datafield>
    <datafield ind1=" " ind2=" " tag="300">
      <subfield code="a">15, [1] p. ;</subfield>
      <subfield code="c">19 cm.</subfield>
    </datafield>
    <datafield ind1=" " ind2=" " tag="500">
      <subfield code="a">At head of title: 1st series. No. 127.</subfield>
    </datafield>
    <datafield ind1=" " ind2=" " tag="500">
      <subfield code="a">"I.R. Butts--printer--2 School Street."--Title page verso.</subfield>
    </datafield>
    <datafield ind1=" " ind2=" " tag="500">
      <subfield code="a">Pages 4-15 also numbered 194-205.</subfield>
    </datafield>
    <datafield ind1=" " ind2=" " tag="500">
      <subfield code="a">Last page blank.</subfield>
    </datafield>
    <datafield ind1=" " ind2="0" tag="650">
      <subfield code="a">Truth.</subfield>
    </datafield>
    <datafield ind1=" " ind2="0" tag="650">
      <subfield code="a">Faith and reason.</subfield>
    </datafield>
    <datafield ind1=" " ind2="7" tag="650">
      <subfield code="a">Faith and reason.</subfield>
      <subfield code="2">fast</subfield>
      <subfield code="0">(OCoLC)fst00919959</subfield>
    </datafield>
    <datafield ind1=" " ind2="7" tag="650">
      <subfield code="a">Truth.</subfield>
      <subfield code="2">fast</subfield>
      <subfield code="0">(OCoLC)fst01158235</subfield>
    </datafield>
    <datafield ind1="1" ind2=" " tag="700">
      <subfield code="a">Butts, I. R.</subfield>
      <subfield code="q">(Isaac Ridler),</subfield>
      <subfield code="d">1795-1882,</subfield>
      <subfield code="e">printer.</subfield>
    </datafield>
    <datafield ind1="2" ind2=" " tag="710">
      <subfield code="a">American Unitarian Association.</subfield>
    </datafield>
    <datafield ind1="2" ind2=" " tag="710">
      <subfield code="a">James Munroe and Company,</subfield>
      <subfield code="e">publisher.</subfield>
    </datafield>
  </record>
</recordData>
</record>