
<record>
<recordSchema>marcxml</recordSchema>
<recordPacking>xml</recordPacking>
<recordData>
<record xmlns="http://www.loc.gov/MARC21/slim">
    <leader>00000cam a2200000Ma 4500</leader>
    <controlfield tag="001">976880071</controlfield>
    <controlfield tag="008">980108s1887    enk      b    000 0 eng d</controlfield>
    <datafield ind1="1" ind2=" " tag="100">
      <subfield code="a">Britten, James.</subfield>
    </datafield>
    <datafield ind1="1" ind2="4" tag="245">
      <subfield code="a">The Catholic Truth Society.</subfield>
    </datafield>
    <datafield ind1=" " ind2=" " tag="260">
      <subfield code="a">London :</subfield>
      <subfield code="b">Catholic Truth Society,</subfield>
      <subfield code="c">1887.</subfield>
    </datafield>
    <datafield ind1=" " ind2=" " tag="300">
      <subfield code="a">16 pages ;</subfield>
      <subfield code="c">22 cm</subfield>
    </datafield>
    <datafield ind1=" " ind2=" " tag="500">
      <subfield code="a">Offprint from: The Dublin review, April, 1887.</subfield>
    </datafield>
    <datafield ind1="2" ind2="0" tag="610">
      <subfield code="a">Catholic Truth Society (Great Britain)</subfield>
    </datafield>
    <datafield ind1="2" ind2="7" tag="610">
      <subfield code="a">Catholic Truth Society (Great Britain)</subfield>
      <subfield code="2">fast</subfield>
      <subfield code="0">(OCoLC)fst00520670</subfield>
    </datafield>
  </record>
</recordData>
</record>