
<record>
<recordSchema>marcxml</recordSchema>
<recordPacking>xml</recordPacking>
<recordData>
<record xmlns="http://www.loc.gov/MARC21/slim">
    <leader>00000cam a2200000Ka 4500</leader>
    <controlfield tag="001">23597709</controlfield>
    <controlfield tag="008">910424s1914    nyu           000 0 eng d</controlfield>
    <datafield ind1="1" ind2=" " tag="100">
      <subfield code="a">Fite, Warner,</subfield>
      <subfield code="d">1867-1955.</subfield>
    </datafield>
    <datafield ind1="1" ind2="0" tag="245">
      <subfield code="a">Pragmatism and truth /</subfield>
      <subfield code="c">Warner Fite.</subfield>
    </datafield>
    <datafield ind1=" " ind2=" " tag="260">
      <subfield code="a">Ithaca, N.Y. :</subfield>
      <subfield code="b">Cornell University Press,</subfield>
      <subfield code="c">1914.</subfield>
    </datafield>
    <datafield ind1=" " ind2=" " tag="300">
      <subfield code="a">pages [506]-524 pages ;</subfield>
      <subfield code="c">25 cm</subfield>
    </datafield>
    <datafield ind1=" " ind2=" " tag="500">
      <subfield code="a">"Reprinted from the Philosophical review, vol. XXIII, No. 5, Sept., 1914."</subfield>
    </datafield>
    <datafield ind1=" " ind2="0" tag="650">
      <subfield code="a">Pragmatism.</subfield>
    </datafield>
    <datafield ind1=" " ind2="0" tag="650">
      <subfield code="a">Truth.</subfield>
    </datafield>
    <datafield ind1=" " ind2="0" tag="650">
      <subfield code="a">Instrumentalism (Philosophy)</subfield>
    </datafield>
    <datafield ind1=" " ind2="7" tag="650">
      <subfield code="a">Instrumentalism (Philosophy)</subfield>
      <subfield code="2">fast</subfield>
      <subfield code="0">(OCoLC)fst00974427</subfield>
    </datafield>
    <datafield ind1=" " ind2="7" tag="650">
      <subfield code="a">Pragmatism.</subfield>
      <subfield code="2">fast</subfield>
      <subfield code="0">(OCoLC)fst01074582</subfield>
    </datafield>
    <datafield ind1=" " ind2="7" tag="650">
      <subfield code="a">Truth.</subfield>
      <subfield code="2">fast</subfield>
      <subfield code="0">(OCoLC)fst01158235</subfield>
    </datafield>
    <datafield ind1="0" ind2=" " tag="730">
      <subfield code="a">Philosophical review.</subfield>
    </datafield>
  </record>
</recordData>
</record>