
<record>
<recordSchema>marcxml</recordSchema>
<recordPacking>xml</recordPacking>
<recordData>
<record xmlns="http://www.loc.gov/MARC21/slim">
    <leader>00000cam a2200000Mi 4500</leader>
    <controlfield tag="001">83289597</controlfield>
    <controlfield tag="008">000607s1855    xxu           000 0 eng d</controlfield>
    <datafield ind1="1" ind2=" " tag="100">
      <subfield code="a">Thornwell, James Henley,</subfield>
      <subfield code="d">1812-1862.</subfield>
    </datafield>
    <datafield ind1="1" ind2="0" tag="245">
      <subfield code="a">Lecture [on truth].</subfield>
    </datafield>
    <datafield ind1="3" ind2=" " tag="246">
      <subfield code="a">Discourses on truth.</subfield>
      <subfield code="f">no. 4</subfield>
    </datafield>
    <datafield ind1=" " ind2="1" tag="264">
      <subfield code="a">[United States] :</subfield>
      <subfield code="b">[publisher not identified],</subfield>
      <subfield code="c">[1855?]</subfield>
    </datafield>
    <datafield ind1=" " ind2=" " tag="300">
      <subfield code="a">16 pages ;</subfield>
      <subfield code="c">25 cm</subfield>
    </datafield>
    <datafield ind1=" " ind2=" " tag="500">
      <subfield code="a">Caption title.</subfield>
    </datafield>
    <datafield ind1=" " ind2=" " tag="500">
      <subfield code="a">This is the 4th Discourse in a series of seven written and preached in the Spring of 1851 and originally published in 1855 with title: Discourses on truth--Cf. Thornwell, J.H. The collected writings of ... 1871. v. 2, p. 451, 519+ (where this Discourse is printed).</subfield>
    </datafield>
    <datafield ind1="1" ind2="0" tag="600">
      <subfield code="a">Paley, William,</subfield>
      <subfield code="d">1743-1805.</subfield>
    </datafield>
    <datafield ind1="1" ind2="0" tag="600">
      <subfield code="a">Whewell, William,</subfield>
      <subfield code="d">1794-1866.</subfield>
    </datafield>
    <datafield ind1=" " ind2="0" tag="650">
      <subfield code="a">Truth.</subfield>
    </datafield>
    <datafield ind1=" " ind2="0" tag="650">
      <subfield code="a">Ethics.</subfield>
    </datafield>
    <datafield ind1=" " ind2="0" tag="650">
      <subfield code="a">Faith.</subfield>
    </datafield>
    <datafield ind1="1" ind2="7" tag="600">
      <subfield code="a">Paley, William,</subfield>
      <subfield code="d">1743-1805.</subfield>
      <subfield code="2">fast</subfield>
      <subfield code="0">(OCoLC)fst00017549</subfield>
    </datafield>
    <datafield ind1="1" ind2="7" tag="600">
      <subfield code="a">Whewell, William,</subfield>
      <subfield code="d">1794-1866.</subfield>
      <subfield code="2">fast</subfield>
      <subfield code="0">(OCoLC)fst00006097</subfield>
    </datafield>
    <datafield ind1=" " ind2="7" tag="650">
      <subfield code="a">Ethics.</subfield>
      <subfield code="2">fast</subfield>
      <subfield code="0">(OCoLC)fst00915833</subfield>
    </datafield>
    <datafield ind1=" " ind2="7" tag="650">
      <subfield code="a">Faith.</subfield>
      <subfield code="2">fast</subfield>
      <subfield code="0">(OCoLC)fst01198492</subfield>
    </datafield>
    <datafield ind1=" " ind2="7" tag="650">
      <subfield code="a">Truth.</subfield>
      <subfield code="2">fast</subfield>
      <subfield code="0">(OCoLC)fst01158235</subfield>
    </datafield>
  </record>
</recordData>
</record>