
<record>
<recordSchema>marcxml</recordSchema>
<recordPacking>xml</recordPacking>
<recordData>
<record xmlns="http://www.loc.gov/MARC21/slim">
    <leader>00000cam a2200000Ma 4500</leader>
    <controlfield tag="001">311091920</controlfield>
    <controlfield tag="008">090220s1856    enk           000 0 eng d</controlfield>
    <datafield ind1="0" ind2="4" tag="245">
      <subfield code="a">The truth, and nothing but the truth.</subfield>
    </datafield>
    <datafield ind1=" " ind2=" " tag="260">
      <subfield code="a">Bath :</subfield>
      <subfield code="b">Noyes &amp; Son,</subfield>
      <subfield code="c">1856.</subfield>
    </datafield>
    <datafield ind1=" " ind2=" " tag="300">
      <subfield code="a">38 pages ;</subfield>
      <subfield code="c">19 cm</subfield>
    </datafield>
    <datafield ind1=" " ind2=" " tag="500">
      <subfield code="a">Anonymous.</subfield>
    </datafield>
    <datafield ind1="0" ind2="0" tag="630">
      <subfield code="a">Bible</subfield>
      <subfield code="x">Evidences, authority, etc.</subfield>
    </datafield>
    <datafield ind1=" " ind2="0" tag="650">
      <subfield code="a">Truth</subfield>
      <subfield code="x">Religious aspects</subfield>
      <subfield code="x">Christianity.</subfield>
    </datafield>
    <datafield ind1="0" ind2="7" tag="630">
      <subfield code="a">Bible.</subfield>
      <subfield code="2">fast</subfield>
      <subfield code="0">(OCoLC)fst01356024</subfield>
    </datafield>
    <datafield ind1=" " ind2="7" tag="650">
      <subfield code="a">Authority</subfield>
      <subfield code="x">Religious aspects.</subfield>
      <subfield code="2">fast</subfield>
      <subfield code="0">(OCoLC)fst00821658</subfield>
    </datafield>
    <datafield ind1=" " ind2="7" tag="650">
      <subfield code="a">Truth</subfield>
      <subfield code="x">Religious aspects</subfield>
      <subfield code="x">Christianity.</subfield>
      <subfield code="2">fast</subfield>
      <subfield code="0">(OCoLC)fst01158248</subfield>
    </datafield>
  </record>
</recordData>
</record>