
<record>
<recordSchema>marcxml</recordSchema>
<recordPacking>xml</recordPacking>
<recordData>
<record xmlns="http://www.loc.gov/MARC21/slim">
    <leader>00000cam a2200000Ia 4500</leader>
    <controlfield tag="001">785198784</controlfield>
    <controlfield tag="008">120410s1868    lau           000 0 eng d</controlfield>
    <datafield ind1="2" ind2=" " tag="110">
      <subfield code="a">Temple of Africa or the House of Truth.</subfield>
    </datafield>
    <datafield ind1="1" ind2="0" tag="245">
      <subfield code="a">Creed and statutes of the religious society The Temple of Africa or the House of Truth.</subfield>
    </datafield>
    <datafield ind1=" " ind2=" " tag="260">
      <subfield code="a">New Orleans :</subfield>
      <subfield code="b">[publisher not identified],</subfield>
      <subfield code="c">1868.</subfield>
    </datafield>
    <datafield ind1=" " ind2=" " tag="300">
      <subfield code="a">26 pages ;</subfield>
      <subfield code="c">22 cm</subfield>
    </datafield>
    <datafield ind1="2" ind2="0" tag="610">
      <subfield code="a">Temple of Africa or the House of Truth.</subfield>
    </datafield>
  </record>
</recordData>
</record>