
<record>
<recordSchema>marcxml</recordSchema>
<recordPacking>xml</recordPacking>
<recordData>
<record xmlns="http://www.loc.gov/MARC21/slim">
    <leader>00000cam a2200000Ma 4500</leader>
    <controlfield tag="001">36140373</controlfield>
    <controlfield tag="008">961204s1832    mau           000 0 eng d</controlfield>
    <datafield ind1="2" ind2=" " tag="110">
      <subfield code="a">Young Men's Antimasonic Association for the Diffusion of Truth.</subfield>
    </datafield>
    <datafield ind1="1" ind2="0" tag="245">
      <subfield code="a">Constitution of the Young Men's Anti-Masonic Association for the Diffusion of Truth.</subfield>
    </datafield>
    <datafield ind1=" " ind2=" " tag="260">
      <subfield code="a">Boston :</subfield>
      <subfield code="b">Printed at the Pollok Press, by Leonard W. Kimball,</subfield>
      <subfield code="c">1832.</subfield>
    </datafield>
    <datafield ind1=" " ind2=" " tag="300">
      <subfield code="a">10, [2] pages ;</subfield>
      <subfield code="c">15 cm</subfield>
    </datafield>
    <datafield ind1="2" ind2="0" tag="610">
      <subfield code="a">Young Men's Antimasonic Association for the Diffusion of Truth.</subfield>
    </datafield>
    <datafield ind1=" " ind2="0" tag="650">
      <subfield code="a">Young men</subfield>
      <subfield code="x">Societies and clubs.</subfield>
    </datafield>
    <datafield ind1=" " ind2="0" tag="650">
      <subfield code="a">Freemasonry</subfield>
      <subfield code="v">Controversial literature.</subfield>
    </datafield>
    <datafield ind1="2" ind2="7" tag="610">
      <subfield code="a">Young Men's Antimasonic Association for the Diffusion of Truth.</subfield>
      <subfield code="2">fast</subfield>
      <subfield code="0">(OCoLC)fst00630418</subfield>
    </datafield>
    <datafield ind1=" " ind2="7" tag="650">
      <subfield code="a">Freemasonry.</subfield>
      <subfield code="2">fast</subfield>
      <subfield code="0">(OCoLC)fst00934082</subfield>
    </datafield>
    <datafield ind1=" " ind2="7" tag="650">
      <subfield code="a">Young men</subfield>
      <subfield code="x">Societies and clubs.</subfield>
      <subfield code="2">fast</subfield>
      <subfield code="0">(OCoLC)fst01183282</subfield>
    </datafield>
    <datafield ind1=" " ind2="7" tag="655">
      <subfield code="a">Controversial literature.</subfield>
      <subfield code="2">fast</subfield>
      <subfield code="0">(OCoLC)fst01423907</subfield>
    </datafield>
  </record>
</recordData>
</record>