
<record>
<recordSchema>marcxml</recordSchema>
<recordPacking>xml</recordPacking>
<recordData>
<record xmlns="http://www.loc.gov/MARC21/slim">
    <leader>00000cam a2200000Ma 4500</leader>
    <controlfield tag="001">51982076</controlfield>
    <controlfield tag="008">880801q18271833nyu           000 0 eng d</controlfield>
    <datafield ind1="0" ind2="4" tag="245">
      <subfield code="a">The Importance of speaking truth.</subfield>
    </datafield>
    <datafield ind1=" " ind2=" " tag="260">
      <subfield code="a">[New-York] :</subfield>
      <subfield code="b">Printed for the American Tract Society,</subfield>
      <subfield code="c">[between 1827 and 1833?]</subfield>
    </datafield>
    <datafield ind1=" " ind2=" " tag="300">
      <subfield code="a">[1], 2-8 pages ;</subfield>
      <subfield code="c">18 cm</subfield>
    </datafield>
    <datafield ind1=" " ind2=" " tag="500">
      <subfield code="a">Title on collective t.p.: Publications of the American Tract Society, vol. 2.</subfield>
    </datafield>
    <datafield ind1=" " ind2=" " tag="500">
      <subfield code="a">Caption title.</subfield>
    </datafield>
    <datafield ind1=" " ind2=" " tag="500">
      <subfield code="a">At head of title: No. 42.</subfield>
    </datafield>
    <datafield ind1=" " ind2=" " tag="500">
      <subfield code="a">Imprint taken from colophon.</subfield>
    </datafield>
    <datafield ind1=" " ind2=" " tag="500">
      <subfield code="a">Alternate pagination [1], 110-116 p.</subfield>
    </datafield>
    <datafield ind1=" " ind2=" " tag="500">
      <subfield code="a">Tracts in this series, preceding and following this number, bear the Society's address at 144 Nassau Street. The American Tract Society was located at 144 Nassau St., New York, from 1827 to 1833.</subfield>
    </datafield>
    <datafield ind1=" " ind2="0" tag="650">
      <subfield code="a">Truth.</subfield>
    </datafield>
    <datafield ind1=" " ind2="0" tag="650">
      <subfield code="a">Truthfulness and falsehood.</subfield>
    </datafield>
    <datafield ind1=" " ind2="7" tag="650">
      <subfield code="a">Truth.</subfield>
      <subfield code="2">fast</subfield>
      <subfield code="0">(OCoLC)fst01158235</subfield>
    </datafield>
    <datafield ind1=" " ind2="7" tag="650">
      <subfield code="a">Truthfulness and falsehood.</subfield>
      <subfield code="2">fast</subfield>
      <subfield code="0">(OCoLC)fst01158255</subfield>
    </datafield>
    <datafield ind1=" " ind2="7" tag="655">
      <subfield code="a">Devotional literature</subfield>
      <subfield code="z">New York (N.Y.)</subfield>
      <subfield code="y">19th century.</subfield>
      <subfield code="2">rbgenr</subfield>
    </datafield>
    <datafield ind1="2" ind2=" " tag="710">
      <subfield code="a">American Tract Society.</subfield>
    </datafield>
    <datafield ind1="0" ind2=" " tag="773">
      <subfield code="7">nnas</subfield>
      <subfield code="t">Publications of the American Tract Society</subfield>
      <subfield code="g">v. 2, no. 42 (1827-1833)</subfield>
    </datafield>
  </record>
</recordData>
</record>