
<record>
<recordSchema>marcxml</recordSchema>
<recordPacking>xml</recordPacking>
<recordData>
<record xmlns="http://www.loc.gov/MARC21/slim">
    <leader>00000cam a2200000Ia 4500</leader>
    <controlfield tag="001">171503521</controlfield>
    <controlfield tag="008">981021s1894    nyua     c    000 0 eng d</controlfield>
    <datafield ind1="2" ind2=" " tag="110">
      <subfield code="a">Fifth Avenue Auction Rooms, New York.</subfield>
    </datafield>
    <datafield ind1="1" ind2="4" tag="245">
      <subfield code="a">The Truth collection of paintings.</subfield>
    </datafield>
    <datafield ind1=" " ind2=" " tag="260">
      <subfield code="a">[New York] :</subfield>
      <subfield code="b">Truth Co.,</subfield>
      <subfield code="c">©1894.</subfield>
    </datafield>
    <datafield ind1=" " ind2=" " tag="300">
      <subfield code="a">55 pages :</subfield>
      <subfield code="b">illustrations ;</subfield>
      <subfield code="c">22 x 10 cm</subfield>
    </datafield>
    <datafield ind1=" " ind2=" " tag="500">
      <subfield code="a">Cover title.</subfield>
    </datafield>
    <datafield ind1=" " ind2=" " tag="500">
      <subfield code="a">"Catalogue of oil and water color paintings and pen drawings of "Truth" to be sold by absolute auction Wednesday, Thursday and Friday evenings, February 14th, 15th, and 16th, 1894, at eight o'clock, at the Fifth Avenue Auction Rooms, 238 Fifth Avenue, New York, where the collection will be on exhibition on and after February 12th.</subfield>
    </datafield>
    <datafield ind1="2" ind2="0" tag="610">
      <subfield code="a">Truth Co</subfield>
      <subfield code="v">Catalogs.</subfield>
    </datafield>
    <datafield ind1=" " ind2="0" tag="650">
      <subfield code="a">Painting, American</subfield>
      <subfield code="v">Catalogs.</subfield>
    </datafield>
    <datafield ind1=" " ind2="0" tag="650">
      <subfield code="a">Painting, European</subfield>
      <subfield code="v">Catalogs.</subfield>
    </datafield>
    <datafield ind1=" " ind2="0" tag="650">
      <subfield code="a">Auction catalogs</subfield>
      <subfield code="z">New York (State)</subfield>
      <subfield code="z">New York.</subfield>
    </datafield>
    <datafield ind1=" " ind2="7" tag="650">
      <subfield code="a">Auction catalogs.</subfield>
      <subfield code="2">fast</subfield>
      <subfield code="0">(OCoLC)fst00820951</subfield>
    </datafield>
    <datafield ind1=" " ind2="7" tag="650">
      <subfield code="a">Painting, American.</subfield>
      <subfield code="2">fast</subfield>
      <subfield code="0">(OCoLC)fst01050648</subfield>
    </datafield>
    <datafield ind1=" " ind2="7" tag="650">
      <subfield code="a">Painting, European.</subfield>
      <subfield code="2">fast</subfield>
      <subfield code="0">(OCoLC)fst01050808</subfield>
    </datafield>
    <datafield ind1=" " ind2="7" tag="651">
      <subfield code="a">New York (State)</subfield>
      <subfield code="z">New York.</subfield>
      <subfield code="2">fast</subfield>
      <subfield code="0">(OCoLC)fst01204333</subfield>
    </datafield>
    <datafield ind1=" " ind2="7" tag="655">
      <subfield code="a">Catalogs.</subfield>
      <subfield code="2">fast</subfield>
      <subfield code="0">(OCoLC)fst01423692</subfield>
    </datafield>
  </record>
</recordData>
</record>