
<record>
<recordSchema>marcxml</recordSchema>
<recordPacking>xml</recordPacking>
<recordData>
<record xmlns="http://www.loc.gov/MARC21/slim">
    <leader>00000cam a2200000K  4500</leader>
    <controlfield tag="001">17224170</controlfield>
    <controlfield tag="008">871211s1909    pau           000 0 eng d</controlfield>
    <datafield ind1="1" ind2=" " tag="100">
      <subfield code="a">Van Gelder, Martinus,</subfield>
      <subfield code="d">1854-</subfield>
    </datafield>
    <datafield ind1="1" ind2="5" tag="245">
      <subfield code="a">"The might of truth,"</subfield>
      <subfield code="c">by Erardus Saḡra.</subfield>
    </datafield>
    <datafield ind1=" " ind2=" " tag="260">
      <subfield code="a">Philadelphia,</subfield>
      <subfield code="b">Progressive Pub. Co.</subfield>
      <subfield code="c">[©1909]</subfield>
    </datafield>
    <datafield ind1=" " ind2=" " tag="300">
      <subfield code="a">69 pages</subfield>
      <subfield code="c">22 cm</subfield>
    </datafield>
    <datafield ind1=" " ind2="0" tag="650">
      <subfield code="a">Theism.</subfield>
    </datafield>
    <datafield ind1=" " ind2="0" tag="650">
      <subfield code="a">Truth.</subfield>
    </datafield>
    <datafield ind1=" " ind2="7" tag="650">
      <subfield code="a">Theism.</subfield>
      <subfield code="2">fast</subfield>
      <subfield code="0">(OCoLC)fst01149471</subfield>
    </datafield>
    <datafield ind1=" " ind2="7" tag="650">
      <subfield code="a">Truth.</subfield>
      <subfield code="2">fast</subfield>
      <subfield code="0">(OCoLC)fst01158235</subfield>
    </datafield>
  </record>
</recordData>
</record>