
<record>
<recordSchema>marcxml</recordSchema>
<recordPacking>xml</recordPacking>
<recordData>
<record xmlns="http://www.loc.gov/MARC21/slim">
    <leader>00000cam a2200000Ma 4500</leader>
    <controlfield tag="001">1011766404</controlfield>
    <controlfield tag="008">990311s182u    enk           000 1 eng d</controlfield>
    <datafield ind1="0" ind2="4" tag="245">
      <subfield code="a">The Importance of speaking truth.</subfield>
    </datafield>
    <datafield ind1=" " ind2=" " tag="260">
      <subfield code="a">[London] :</subfield>
      <subfield code="b">The Religious Tract Society, instituted 1799 ;</subfield>
      <subfield code="a">Depository, 56, Paternoster-row,</subfield>
      <subfield code="c">[182-?]</subfield>
    </datafield>
    <datafield ind1=" " ind2=" " tag="300">
      <subfield code="a">8 pages ;</subfield>
      <subfield code="c">18 cm</subfield>
    </datafield>
    <datafield ind1=" " ind2=" " tag="500">
      <subfield code="a">'(Price 2s. 8d. per 100.)'-p. 8.</subfield>
    </datafield>
    <datafield ind1=" " ind2=" " tag="500">
      <subfield code="a">8#x8;'No. 43'.</subfield>
    </datafield>
    <datafield ind1=" " ind2=" " tag="500">
      <subfield code="a">Bound with 17 other tracts in a collection entitled 'The servant's friend, and profitable companion'.</subfield>
    </datafield>
    <datafield ind1=" " ind2=" " tag="500">
      <subfield code="a">Colophon reads: ;#x8;'London: Printed for the Religious Tract Society; and sold at the Depository, 56, Paternoster-row; by J. Nisbet, 21, Berners-street, Oxford-street; and by other booksellers'.</subfield>
    </datafield>
    <datafield ind1=" " ind2=" " tag="500">
      <subfield code="a">Undated. Dated from period of activity of booksellers.</subfield>
    </datafield>
    <datafield ind1=" " ind2=" " tag="500">
      <subfield code="a">Wove papers.</subfield>
    </datafield>
    <datafield ind1=" " ind2="7" tag="655">
      <subfield code="a">Prices</subfield>
      <subfield code="z">England</subfield>
      <subfield code="y">1820-1829.</subfield>
      <subfield code="2">aat</subfield>
    </datafield>
    <datafield ind1=" " ind2="7" tag="655">
      <subfield code="a">Wove papers</subfield>
      <subfield code="z">England</subfield>
      <subfield code="y">1820-1829.</subfield>
      <subfield code="2">aat</subfield>
    </datafield>
    <datafield ind1=" " ind2="7" tag="655">
      <subfield code="a">Tracts (documents)</subfield>
      <subfield code="z">England</subfield>
      <subfield code="y">1820-1829.</subfield>
      <subfield code="2">aat</subfield>
    </datafield>
    <datafield ind1=" " ind2="0" tag="650">
      <subfield code="a">Truth</subfield>
      <subfield code="x">Religious aspects</subfield>
      <subfield code="x">Christianity.</subfield>
    </datafield>
    <datafield ind1=" " ind2="7" tag="650">
      <subfield code="a">Truth</subfield>
      <subfield code="x">Religious aspects</subfield>
      <subfield code="x">Christianity.</subfield>
      <subfield code="2">fast</subfield>
      <subfield code="0">(OCoLC)fst01158248</subfield>
    </datafield>
    <datafield ind1="1" ind2=" " tag="700">
      <subfield code="a">Nisbet, James,</subfield>
      <subfield code="d">1785-1854,</subfield>
      <subfield code="e">bookseller.</subfield>
    </datafield>
    <datafield ind1="2" ind2=" " tag="710">
      <subfield code="a">Religious Tract Society (Great Britain),</subfield>
      <subfield code="e">publisher.</subfield>
    </datafield>
    <datafield ind1="0" ind2="8" tag="773">
      <subfield code="d">London : Religious Tract Society, instituted 1799; sold at the Depository, 56, Paternoster-row; and by the booksellers, [182-?].</subfield>
      <subfield code="t">Servant's friend #x8;, and profitable companion.</subfield>
      <subfield code="o">372265</subfield>
      <subfield code="w">(OCoLC)1008580137</subfield>
    </datafield>
    <datafield ind1="4" ind2="2" tag="856">
      <subfield code="u">https://nal-vam.on.worldcat.org/oclc/1008580137</subfield>
    </datafield>
  </record>
</recordData>
</record>