
<record>
<recordSchema>marcxml</recordSchema>
<recordPacking>xml</recordPacking>
<recordData>
<record xmlns="http://www.loc.gov/MARC21/slim">
    <leader>00000cam a2200000 a 4500</leader>
    <controlfield tag="001">830943674</controlfield>
    <controlfield tag="008">051207s1879    enk     o     000 0 eng c</controlfield>
    <datafield ind1="1" ind2=" " tag="100">
      <subfield code="a">Stephen, James Fitzjames,</subfield>
      <subfield code="d">1829-1894.</subfield>
    </datafield>
    <datafield ind1="1" ind2="0" tag="245">
      <subfield code="a">On the utility of truth.</subfield>
    </datafield>
    <datafield ind1="3" ind2="0" tag="246">
      <subfield code="a">Utility of truth</subfield>
    </datafield>
    <datafield ind1=" " ind2=" " tag="260">
      <subfield code="a">[London] :</subfield>
      <subfield code="b">[publisher not identified],</subfield>
      <subfield code="c">[1879]</subfield>
    </datafield>
    <datafield ind1=" " ind2=" " tag="300">
      <subfield code="a">1 online resource (8 pages).</subfield>
    </datafield>
    <datafield ind1="1" ind2=" " tag="490">
      <subfield code="a">Nineteenth Century Collections Online: British Politics and Society</subfield>
    </datafield>
    <datafield ind1=" " ind2=" " tag="500">
      <subfield code="a">"[Paper] to be read on Tuesday, Feb. 11, 1879, at the Grosvenor Hotel at 8:30 p.m."</subfield>
    </datafield>
    <datafield ind1=" " ind2=" " tag="500">
      <subfield code="a">Caption title.</subfield>
    </datafield>
    <datafield ind1=" " ind2=" " tag="500">
      <subfield code="a">"Private."</subfield>
    </datafield>
    <datafield ind1=" " ind2=" " tag="500">
      <subfield code="a">"[Church no.] 4523."</subfield>
    </datafield>
    <datafield ind1=" " ind2=" " tag="500">
      <subfield code="a">Attributed to Sir James Fitzjames Stephen.</subfield>
    </datafield>
    <datafield ind1=" " ind2=" " tag="500">
      <subfield code="a">Reproduction of the original from the Pusey House Library St Giles.</subfield>
    </datafield>
    <datafield ind1=" " ind2="0" tag="650">
      <subfield code="a">Truth.</subfield>
    </datafield>
    <datafield ind1=" " ind2="7" tag="650">
      <subfield code="a">Truth.</subfield>
      <subfield code="2">fast</subfield>
      <subfield code="0">(OCoLC)fst01158235</subfield>
    </datafield>
    <datafield ind1="4" ind2="0" tag="856">
      <subfield code="a">Gale Cengage Learning, Nineteenth Century Collections Online</subfield>
      <subfield code="u">http://ncco.galegroup.com/gdc/ncco/MonographsDetailsPage/MonographsDetailsWindow?disableHighlighting=false&amp;prodId=NCCO&amp;action=1&amp;activityType=BasicSearch&amp;javax.portlet.action=viewPortletAction&amp;documentId=GALE%7CNSTHLJ777620347&amp;dviSelectedPage=1&amp;userGroupName=</subfield>
    </datafield>
    <datafield ind1="4" ind2="0" tag="856">
      <subfield code="u">http://infotrac.galegroup.com/itweb/uvictoria?db=NCCO</subfield>
    </datafield>
    <datafield ind1="4" ind2="0" tag="856">
      <subfield code="u">http://libproxy.uwyo.edu/login/?url=http://ncco.galegroup.com/gdc/ncco/MonographsDetailsPage/MonographsDetailsWindow?disableHighlighting=false&amp;prodId=NCCO&amp;action=1&amp;activityType=BasicSearch&amp;javax.portlet.action=viewPortletAction&amp;documentId=GALE%7CNSTHLJ777620347&amp;dviSelectedPage=1&amp;userGroupName=wylrc_uwyoming</subfield>
      <subfield code="z">View full text.</subfield>
    </datafield>
    <datafield ind1="4" ind2="0" tag="856">
      <subfield code="z">VIEW FULL TEXT</subfield>
      <subfield code="u">http://VH7QX3XE2P.search.serialssolutions.com/?V=1.0&amp;L=VH7QX3XE2P&amp;S=AC_T_B&amp;C=On%20the%20utility%20of%20truth&amp;T=marc&amp;tab=BOOKS</subfield>
    </datafield>
    <datafield ind1="4" ind2="0" tag="856">
      <subfield code="a">Gale Cengage Learning, Nineteenth Century Collections Online</subfield>
      <subfield code="u">http://www.library.yorku.ca/e/resolver/id/2451338</subfield>
    </datafield>
  </record>
</recordData>
</record>