
<record>
<recordSchema>marcxml</recordSchema>
<recordPacking>xml</recordPacking>
<recordData>
<record xmlns="http://www.loc.gov/MARC21/slim">
    <leader>00000cas a2200000Ia 4500</leader>
    <controlfield tag="001">37785014</controlfield>
    <controlfield tag="008">971015d18921uuuoncar   b     0    0eng d</controlfield>
    <datafield ind1=" " ind2=" " tag="022">
      <subfield code="a">1190-8181</subfield>
      <subfield code="l">1190-8181</subfield>
    </datafield>
    <datafield ind1="2" ind2=" " tag="110">
      <subfield code="a">Catholic Truth Society of Ottawa.</subfield>
    </datafield>
    <datafield ind1="1" ind2="0" tag="245">
      <subfield code="a">Annual report for ... /</subfield>
      <subfield code="c">the Catholic Truth Society of Ottawa.</subfield>
    </datafield>
    <datafield ind1=" " ind2=" " tag="260">
      <subfield code="a">[Ottawa] :</subfield>
      <subfield code="b">[The Society],</subfield>
      <subfield code="c">[189-?-]</subfield>
    </datafield>
    <datafield ind1=" " ind2=" " tag="300">
      <subfield code="a">volumes ;</subfield>
      <subfield code="c">21 cm</subfield>
    </datafield>
    <datafield ind1=" " ind2=" " tag="500">
      <subfield code="a">Date publication ceased is unknown.</subfield>
    </datafield>
    <datafield ind1="2" ind2="0" tag="610">
      <subfield code="a">Catholic Truth Society of Ottawa.</subfield>
    </datafield>
    <datafield ind1="2" ind2="6" tag="610">
      <subfield code="a">Catholic Truth Society of Ottawa.</subfield>
    </datafield>
  </record>
</recordData>
</record>