
<record>
<recordSchema>marcxml</recordSchema>
<recordPacking>xml</recordPacking>
<recordData>
<record xmlns="http://www.loc.gov/MARC21/slim">
    <leader>00000cmm a2200000Ma 4500</leader>
    <controlfield tag="001">220155480</controlfield>
    <controlfield tag="008">070911s1641    enk     o  u        eng d</controlfield>
    <datafield ind1="1" ind2=" " tag="100">
      <subfield code="a">Gauden, John.</subfield>
    </datafield>
    <datafield ind1="1" ind2="4" tag="245">
      <subfield code="a">The love of truth and peace</subfield>
      <subfield code="h">[Elektronische Ressource] /</subfield>
      <subfield code="c">by Iohn Gauden ...</subfield>
    </datafield>
    <datafield ind1=" " ind2=" " tag="260">
      <subfield code="a">London :</subfield>
      <subfield code="b">Printed by G.M. for Andrew Crooke,</subfield>
      <subfield code="c">1641.</subfield>
    </datafield>
    <datafield ind1=" " ind2=" " tag="300">
      <subfield code="a">Online-Ressource.</subfield>
    </datafield>
    <datafield ind1="0" ind2=" " tag="490">
      <subfield code="a">Early English books online,</subfield>
      <subfield code="x">2072-3581</subfield>
    </datafield>
    <datafield ind1=" " ind2=" " tag="500">
      <subfield code="a">Reproduction of original in the University of Illinois (Urbana-Champaign Campus). Library. - Wing, G363.</subfield>
    </datafield>
    <datafield ind1="0" ind2="4" tag="630">
      <subfield code="a">ABible pO. T pZechariah VIII, 19</subfield>
      <subfield code="v">Sermons.</subfield>
    </datafield>
    <datafield ind1="0" ind2="4" tag="650">
      <subfield code="a">Peace</subfield>
      <subfield code="v">Sermons.</subfield>
    </datafield>
    <datafield ind1="0" ind2="4" tag="650">
      <subfield code="a">Sermons, English y17th century.</subfield>
    </datafield>
    <datafield ind1="0" ind2="4" tag="650">
      <subfield code="a">Truth</subfield>
      <subfield code="v">Sermons.</subfield>
    </datafield>
    <datafield ind1="4" ind2="0" tag="856">
      <subfield code="3">Volltext</subfield>
      <subfield code="u">http://gateway.proquest.com/openurl?ctx_ver=Z39.88-2003&amp;res_id=xri:eebo&amp;rft_val_fmt=&amp;rft_id=xri:eebo:image:97043</subfield>
    </datafield>
  </record>
</recordData>
</record>