
<record>
<recordSchema>marcxml</recordSchema>
<recordPacking>xml</recordPacking>
<recordData>
<record xmlns="http://www.loc.gov/MARC21/slim">
    <leader>00000cam a2200000Ia 4500</leader>
    <controlfield tag="001">51845092</controlfield>
    <controlfield tag="008">030312t18601847paua   j      000 f eng d</controlfield>
    <datafield ind1="0" ind2="0" tag="245">
      <subfield code="a">William Allen, or, The boy who told the truth, the whole truth, and nothing but the truth /</subfield>
      <subfield code="c">written for the American Sunday-School Union, and revised by the Committee of Publication.</subfield>
    </datafield>
    <datafield ind1="3" ind2="0" tag="246">
      <subfield code="a">Boy who told the truth, the whole truth, and nothing but the truth</subfield>
    </datafield>
    <datafield ind1=" " ind2=" " tag="260">
      <subfield code="a">Philadelphia (1122 Chestnut Street) :</subfield>
      <subfield code="b">American Sunday-School Union,</subfield>
      <subfield code="c">[1860?], ©1847.</subfield>
    </datafield>
    <datafield ind1=" " ind2=" " tag="300">
      <subfield code="a">70 pages :</subfield>
      <subfield code="b">illustrations ;</subfield>
      <subfield code="c">16 cm</subfield>
    </datafield>
    <datafield ind1=" " ind2=" " tag="500">
      <subfield code="a">Approximate date from location in Philadelphia and from location of depositories in New York (599 Broadway) and Boston (141 Washington St.).</subfield>
    </datafield>
    <datafield ind1=" " ind2="0" tag="650">
      <subfield code="a">Christian life</subfield>
      <subfield code="v">Juvenile fiction.</subfield>
    </datafield>
    <datafield ind1=" " ind2="0" tag="650">
      <subfield code="a">Truth</subfield>
      <subfield code="v">Juvenile fiction.</subfield>
    </datafield>
    <datafield ind1=" " ind2="0" tag="650">
      <subfield code="a">Students</subfield>
      <subfield code="v">Juvenile fiction.</subfield>
    </datafield>
    <datafield ind1=" " ind2="0" tag="650">
      <subfield code="a">Poverty</subfield>
      <subfield code="v">Juvenile fiction.</subfield>
    </datafield>
    <datafield ind1=" " ind2="0" tag="650">
      <subfield code="a">Temperance</subfield>
      <subfield code="v">Juvenile fiction.</subfield>
    </datafield>
    <datafield ind1=" " ind2="7" tag="650">
      <subfield code="a">Christian life.</subfield>
      <subfield code="2">fast</subfield>
      <subfield code="0">(OCoLC)fst00859185</subfield>
    </datafield>
    <datafield ind1=" " ind2="7" tag="650">
      <subfield code="a">Poverty.</subfield>
      <subfield code="2">fast</subfield>
      <subfield code="0">(OCoLC)fst01074093</subfield>
    </datafield>
    <datafield ind1=" " ind2="7" tag="650">
      <subfield code="a">Students.</subfield>
      <subfield code="2">fast</subfield>
      <subfield code="0">(OCoLC)fst01136041</subfield>
    </datafield>
    <datafield ind1=" " ind2="7" tag="650">
      <subfield code="a">Temperance.</subfield>
      <subfield code="2">fast</subfield>
      <subfield code="0">(OCoLC)fst01147309</subfield>
    </datafield>
    <datafield ind1=" " ind2="7" tag="650">
      <subfield code="a">Truth.</subfield>
      <subfield code="2">fast</subfield>
      <subfield code="0">(OCoLC)fst01158235</subfield>
    </datafield>
    <datafield ind1=" " ind2="7" tag="655">
      <subfield code="a">Fiction.</subfield>
      <subfield code="2">fast</subfield>
      <subfield code="0">(OCoLC)fst01423787</subfield>
    </datafield>
    <datafield ind1=" " ind2="7" tag="655">
      <subfield code="a">Juvenile works.</subfield>
      <subfield code="2">fast</subfield>
      <subfield code="0">(OCoLC)fst01411637</subfield>
    </datafield>
    <datafield ind1="2" ind2=" " tag="710">
      <subfield code="a">American Sunday-School Union.</subfield>
      <subfield code="b">Committee of Publication.</subfield>
    </datafield>
    <datafield ind1="2" ind2=" " tag="710">
      <subfield code="a">American Sunday-School Union.</subfield>
      <subfield code="4">pbl</subfield>
    </datafield>
  </record>
</recordData>
</record>