
<record>
<recordSchema>marcxml</recordSchema>
<recordPacking>xml</recordPacking>
<recordData>
<record xmlns="http://www.loc.gov/MARC21/slim">
    <leader>00000cam a2200000K  4500</leader>
    <controlfield tag="001">43445004</controlfield>
    <controlfield tag="008">000211s1709    enk           000 0 eng d</controlfield>
    <datafield ind1="1" ind2=" " tag="100">
      <subfield code="a">Withers, John.</subfield>
    </datafield>
    <datafield ind1="1" ind2="0" tag="245">
      <subfield code="a">Truth try'd: or, Mr. Agate's pretended Plain truth proved an untruth.</subfield>
    </datafield>
    <datafield ind1=" " ind2=" " tag="260">
      <subfield code="a">[Exon],</subfield>
      <subfield code="c">[1709]</subfield>
    </datafield>
    <datafield ind1=" " ind2=" " tag="300">
      <subfield code="a">87 (1) pages</subfield>
      <subfield code="c">20 cm (8vo.)</subfield>
    </datafield>
    <datafield ind1=" " ind2=" " tag="500">
      <subfield code="a">"Part II."</subfield>
    </datafield>
    <datafield ind1=" " ind2=" " tag="500">
      <subfield code="a">"Post-script," p. [88].</subfield>
    </datafield>
    <datafield ind1="1" ind2="4" tag="600">
      <subfield code="a">Agate, John.</subfield>
      <subfield code="t">Plain truth.</subfield>
    </datafield>
    <datafield ind1=" " ind2="4" tag="650">
      <subfield code="a">Dissenters, 17th-18th cent.</subfield>
    </datafield>
    <datafield ind1=" " ind2="4" tag="651">
      <subfield code="a">Great Britain</subfield>
      <subfield code="x">History</subfield>
      <subfield code="y">Civil war, 1642-1649.</subfield>
    </datafield>
  </record>
</recordData>
</record>