
<record>
<recordSchema>marcxml</recordSchema>
<recordPacking>xml</recordPacking>
<recordData>
<record xmlns="http://www.loc.gov/MARC21/slim">
    <leader>00000cam a2200000I  4500</leader>
    <controlfield tag="001">3961561</controlfield>
    <controlfield tag="008">780609s1912    ohu      b    000 0 eng  </controlfield>
    <datafield ind1=" " ind2=" " tag="010">
      <subfield code="a">   12020216 </subfield>
    </datafield>
    <datafield ind1="1" ind2=" " tag="100">
      <subfield code="a">Cook, Silas Arthur,</subfield>
      <subfield code="d">1875-</subfield>
    </datafield>
    <datafield ind1="1" ind2="4" tag="245">
      <subfield code="a">The quest of truth;</subfield>
      <subfield code="b">lecture-sermons, being a study of various fields of Christian truth</subfield>
      <subfield code="c">[by] S. Arthur Cook.</subfield>
    </datafield>
    <datafield ind1=" " ind2=" " tag="260">
      <subfield code="a">Cincinnati,</subfield>
      <subfield code="b">Jennings and Graham;</subfield>
      <subfield code="a">New York,</subfield>
      <subfield code="b">Eaton and Mains</subfield>
      <subfield code="c">[©1912]</subfield>
    </datafield>
    <datafield ind1=" " ind2=" " tag="300">
      <subfield code="a">306 pages</subfield>
      <subfield code="c">20 cm</subfield>
    </datafield>
    <datafield ind1=" " ind2="0" tag="650">
      <subfield code="a">Truth.</subfield>
    </datafield>
    <datafield ind1=" " ind2="7" tag="650">
      <subfield code="a">Truth.</subfield>
      <subfield code="2">fast</subfield>
      <subfield code="0">(OCoLC)fst01158235</subfield>
    </datafield>
  </record>
</recordData>
</record>