
<record>
<recordSchema>marcxml</recordSchema>
<recordPacking>xml</recordPacking>
<recordData>
<record xmlns="http://www.loc.gov/MARC21/slim">
    <leader>00000cam a2200000M  4500</leader>
    <controlfield tag="001">1001865588</controlfield>
    <controlfield tag="008">741004s1921    cau      b    000 0 eng d</controlfield>
    <datafield ind1=" " ind2=" " tag="010">
      <subfield code="a">a  21001373 </subfield>
    </datafield>
    <datafield ind1="1" ind2=" " tag="100">
      <subfield code="a">Boas, George,</subfield>
      <subfield code="d">1891-1980.</subfield>
    </datafield>
    <datafield ind1="1" ind2="3" tag="245">
      <subfield code="a">An analysis of certain theories of truth /</subfield>
      <subfield code="c">by George Boas.</subfield>
    </datafield>
    <datafield ind1=" " ind2=" " tag="260">
      <subfield code="a">Berkeley, Calif. :</subfield>
      <subfield code="b">University of California Press,</subfield>
      <subfield code="c">1921.</subfield>
    </datafield>
    <datafield ind1=" " ind2=" " tag="300">
      <subfield code="a">p. [187]-290 ;</subfield>
      <subfield code="c">24 cm.</subfield>
    </datafield>
    <datafield ind1="1" ind2=" " tag="490">
      <subfield code="a">University of California publications in philosophy ;</subfield>
      <subfield code="v">v. 2, no. 6</subfield>
    </datafield>
    <datafield ind1=" " ind2=" " tag="500">
      <subfield code="a">Cover title.</subfield>
    </datafield>
    <datafield ind1=" " ind2="0" tag="650">
      <subfield code="a">Truth.</subfield>
    </datafield>
    <datafield ind1=" " ind2="7" tag="650">
      <subfield code="a">Truth.</subfield>
      <subfield code="2">fast</subfield>
      <subfield code="0">(OCoLC)fst01158235</subfield>
    </datafield>
  </record>
</recordData>
</record>