
<record>
<recordSchema>marcxml</recordSchema>
<recordPacking>xml</recordPacking>
<recordData>
<record xmlns="http://www.loc.gov/MARC21/slim">
    <leader>00000cam a2200000I  4500</leader>
    <controlfield tag="001">1437559</controlfield>
    <controlfield tag="008">750709s1912    cau           000 0 eng c</controlfield>
    <datafield ind1=" " ind2=" " tag="010">
      <subfield code="a">   12008484 </subfield>
    </datafield>
    <datafield ind1="1" ind2=" " tag="100">
      <subfield code="a">Larson, Christian D.</subfield>
      <subfield code="q">(Christian Daa),</subfield>
      <subfield code="d">1874-</subfield>
    </datafield>
    <datafield ind1="1" ind2="0" tag="245">
      <subfield code="a">What is truth,</subfield>
      <subfield code="b">by Christian D. Larson ...</subfield>
    </datafield>
    <datafield ind1=" " ind2=" " tag="260">
      <subfield code="a">Los Angeles, Cal.,</subfield>
      <subfield code="b">New literature Pub. Co.,</subfield>
      <subfield code="c">[1912]</subfield>
    </datafield>
    <datafield ind1=" " ind2=" " tag="300">
      <subfield code="a">185 pages</subfield>
      <subfield code="c">20 cm</subfield>
    </datafield>
    <datafield ind1=" " ind2="0" tag="650">
      <subfield code="a">Truth.</subfield>
    </datafield>
    <datafield ind1=" " ind2="7" tag="650">
      <subfield code="a">Truth.</subfield>
      <subfield code="2">fast</subfield>
      <subfield code="0">(OCoLC)fst01158235</subfield>
    </datafield>
  </record>
</recordData>
</record>