
<record>
<recordSchema>marcxml</recordSchema>
<recordPacking>xml</recordPacking>
<recordData>
<record xmlns="http://www.loc.gov/MARC21/slim">
    <leader>00000cam a2200000Ma 4500</leader>
    <controlfield tag="001">420995016</controlfield>
    <controlfield tag="008">090623s1876    enk    j      000 0 eng d</controlfield>
    <datafield ind1="1" ind2=" " tag="100">
      <subfield code="a">Speirs, James.</subfield>
    </datafield>
    <datafield ind1="1" ind2="0" tag="245">
      <subfield code="a">Truth and truth-telling :</subfield>
      <subfield code="b">a Sunday-school address /</subfield>
      <subfield code="c">by James Speirs.</subfield>
    </datafield>
    <datafield ind1=" " ind2=" " tag="260">
      <subfield code="a">London :</subfield>
      <subfield code="b">James Speirs,</subfield>
      <subfield code="c">1876.</subfield>
    </datafield>
    <datafield ind1=" " ind2=" " tag="300">
      <subfield code="a">pages 126-142 ;</subfield>
      <subfield code="c">16 cm</subfield>
    </datafield>
    <datafield ind1=" " ind2="0" tag="650">
      <subfield code="a">Truth</subfield>
      <subfield code="v">Juvenile literature.</subfield>
    </datafield>
    <datafield ind1=" " ind2="7" tag="650">
      <subfield code="a">Truth.</subfield>
      <subfield code="2">fast</subfield>
      <subfield code="0">(OCoLC)fst01158235</subfield>
    </datafield>
    <datafield ind1=" " ind2="7" tag="655">
      <subfield code="a">Juvenile works.</subfield>
      <subfield code="2">fast</subfield>
      <subfield code="0">(OCoLC)fst01411637</subfield>
    </datafield>
  </record>
</recordData>
</record>
</records>
<nextRecordPosition>201</nextRecordPosition>
<resultSetIdleTime/>
<echoedSearchRetrieveRequest xmlns:srw="http://www.loc.gov/zing/srw/">
<version>1.1</version>
<query>srw.su = "truth" and srw.yr &amp;lt; "1923" and srw.la = "eng"</query>
<maximumRecords>50</maximumRecords>
<recordPacking>xml</recordPacking>
<startRecord>151</startRecord>
<sortKeys>relevance</sortKeys>
<wskey>{built-in-api-key}</wskey>
</echoedSearchRetrieveRequest>
</searchRetrieveResponse>
